@Comment А вот так оформляется библиография при помощи BibTeX.

@Book{Pup09,
	author =		 {The LEGO Group},
	title = 		 {Appendix 1-LEGO MINDSTORMS NXT Communication protocol},
	year = 		 {2006},
	language =     "english"
}

@Book{Pup10,
	author =		 {The LEGO Group},
	title = 		 {Appendix 3-LEGO MINDSTORMS NXT ARM7 Bluetooth Interface specification},
	year = 		 {2006},
	language =     "english"
}

